@ARTICLE{2005MNRAS.361..776S,
   author = {{Springel}, V. and {Di Matteo}, T. and {Hernquist}, L.},
    title = "{Modelling feedback from stars and black holes in galaxy mergers}",
  journal = {\mnras},
   eprint = {astro-ph/0411108},
 keywords = {methods: numerical, galaxies: active, galaxies: interactions, galaxies: starburst, galaxies: structure},
     year = 2005,
    month = aug,
   volume = 361,
    pages = {776-794},
      doi = {10.1111/j.1365-2966.2005.09238.x},
   adsurl = {http://adsabs.harvard.edu/abs/2005MNRAS.361..776S},
  adsnote = {Provided by the SAO/NASA Astrophysics Data System}
}

@ARTICLE{2013ApJ...766...34D,
   author = {{D'Onghia}, E. and {Vogelsberger}, M. and {Hernquist}, L.},
    title = "{Self-perpetuating Spiral Arms in Disk Galaxies}",
  journal = {\apj},
archivePrefix = "arXiv",
   eprint = {1204.0513},
 keywords = {galaxies: kinematics and dynamics, galaxies: spiral, methods: numerical },
     year = 2013,
    month = mar,
   volume = 766,
      eid = {34},
    pages = {34},
      doi = {10.1088/0004-637X/766/1/34},
   adsurl = {http://adsabs.harvard.edu/abs/2013ApJ...766...34D},
  adsnote = {Provided by the SAO/NASA Astrophysics Data System}
}


@ARTICLE{1990ApJ...356..359H,
   author = {{Hernquist}, L.},
    title = "{An analytical model for spherical galaxies and bulges}",
  journal = {\apj},
 keywords = {Computational Astrophysics, Elliptical Galaxies, Galactic Bulge, Galactic Structure, Astronomical Models, Astronomical Photometry, Brightness Distribution, Distribution Functions},
     year = 1990,
    month = jun,
   volume = 356,
    pages = {359-364},
      doi = {10.1086/168845},
   adsurl = {http://adsabs.harvard.edu/abs/1990ApJ...356..359H},
  adsnote = {Provided by the SAO/NASA Astrophysics Data System}
}
